<record><leader>00000cas a22000007a 4500</leader><controlfield tag="001">11839913</controlfield><controlfield tag="008">850323d186u1974vauwr ne      0    0eng d</controlfield><datafield ind1=" " ind2=" " tag="010"><subfield code="a">sn 85025665 </subfield></datafield><datafield ind1=" " ind2=" " tag="040"><subfield code="a">NPX</subfield><subfield code="b">eng</subfield><subfield code="c">NPX</subfield><subfield code="d">NPU</subfield><subfield code="d">NVK</subfield><subfield code="d">OCL</subfield><subfield code="d">NVK</subfield><subfield code="d">OCLCQ</subfield><subfield code="d">OCLCF</subfield><subfield code="d">OCLCO</subfield></datafield><datafield ind1="1" ind2=" " tag="029"><subfield code="a">AU@</subfield><subfield code="b">000020233494</subfield></datafield><datafield ind1=" " ind2=" " tag="042"><subfield code="a">msc</subfield></datafield><datafield ind1=" " ind2=" " tag="043"><subfield code="a">n-us-va</subfield></datafield><datafield ind1="0" ind2=" " tag="130"><subfield code="a">Shenandoah Valley (New Market, Va. : 1867 : Weekly)</subfield></datafield><datafield ind1="1" ind2="0" tag="245"><subfield code="a">Shenandoah Valley.</subfield></datafield><datafield ind1=" " ind2=" " tag="260"><subfield code="a">New Market, Va. :</subfield><subfield code="b">G.W. Murphy,</subfield><subfield code="c">-1974.</subfield></datafield><datafield ind1=" " ind2=" " tag="300"><subfield code="a">v. ;</subfield><subfield code="c">57 cm.</subfield></datafield><datafield ind1=" " ind2=" " tag="310"><subfield code="a">Weekly</subfield></datafield><datafield ind1="0" ind2=" " tag="362"><subfield code="a">-v. 168, no. 5 (Jan. 30, 1974).</subfield></datafield><datafield ind1=" " ind2=" " tag="500"><subfield code="a">Editors: G.W. Murphy, &lt;1867&gt;; G.R. Calvert, &lt;1872&gt;; Ambrose L. Henkel, &lt;1876&gt;.</subfield></datafield><datafield ind1=" " ind2=" " tag="500"><subfield code="a">Publisher varies.</subfield></datafield><datafield ind1=" " ind2=" " tag="530"><subfield code="a">Microfilm available from: Micro Photo, Inc.</subfield></datafield><datafield ind1=" " ind2=" " tag="580"><subfield code="a">Cappon suggests this title succeeds, Spirit of Democracy.</subfield></datafield><datafield ind1=" " ind2=" " tag="588"><subfield code="a">Description based on: Vol. 2, no. 19 (Jan. 25, 1867).</subfield></datafield><datafield ind1=" " ind2="0" tag="651"><subfield code="a">New Market (Va.)</subfield><subfield code="v">Newspapers.</subfield></datafield><datafield ind1=" " ind2="0" tag="651"><subfield code="a">Woodstock (Shenandoah County, Va.)</subfield><subfield code="v">Newspapers.</subfield></datafield><datafield ind1=" " ind2="7" tag="655"><subfield code="a">Newspapers.</subfield><subfield code="2">fast</subfield><subfield code="0">(OCoLC)fst01423814</subfield></datafield><datafield ind1=" " ind2="7" tag="651"><subfield code="a">Virginia</subfield><subfield code="z">New Market.</subfield><subfield code="2">fast</subfield><subfield code="0">(OCoLC)fst01225031</subfield></datafield><datafield ind1=" " ind2="7" tag="651"><subfield code="a">Virginia</subfield><subfield code="z">Woodstock (Shenandoah County)</subfield><subfield code="2">fast</subfield><subfield code="0">(OCoLC)fst01313693</subfield></datafield><datafield ind1=" " ind2=" " tag="752"><subfield code="a">United States</subfield><subfield code="b">Virginia</subfield><subfield code="c">Shenandoah</subfield><subfield code="d">New Market.</subfield></datafield><datafield ind1="0" ind2="7" tag="785"><subfield code="t">Shenandoah herald (Woodstock, Va. : 1865)</subfield><subfield code="w">(DLC)sn 85026941</subfield></datafield><datafield ind1="0" ind2="7" tag="785"><subfield code="t">Shenandoah herald and Shenandoah valley</subfield><subfield code="w">(DLC)sn 83005427</subfield></datafield><datafield ind1="1" ind2=" " tag="787"><subfield code="t">Spirit of Democracy</subfield><subfield code="w">(DLC)sn 94059408</subfield></datafield></record>